<?xml version="1.0" encoding="UTF-8"?><collection xmlns="http://www.loc.gov/MARC21/slim"><record><leader>00710nam--2200241-u-4500</leader><controlfield tag="001">000050436</controlfield><controlfield tag="002">20161230</controlfield><controlfield tag="003">81837</controlfield><controlfield tag="005">20161230201048</controlfield><controlfield tag="008">070322s1000------------r-----000-0-eng-d</controlfield><datafield ind1=" " ind2=" " tag="020"><subfield code="a">0387952675</subfield></datafield><datafield ind1=" " ind2=" " tag="040"><subfield code="a">IFIN-HH</subfield></datafield><datafield ind1=" " ind2=" " tag="080"><subfield code="a">538.9:539.22</subfield></datafield><datafield ind1="1" ind2=" " tag="100"><subfield code="a">Kleman, Maurice</subfield></datafield><datafield ind1="1" ind2="0" tag="245"><subfield code="a">Soft Matter Physics</subfield><subfield code="b">An Introduction</subfield><subfield code="c">Maurice Kleman; Oleg D. Lavrentovich</subfield></datafield><datafield ind1=" " ind2=" " tag="260"><subfield code="a">Berlin</subfield><subfield code="b">Springer-Verlag</subfield><subfield code="c">2003</subfield></datafield><datafield ind1=" " ind2=" " tag="300"><subfield code="a">637 p</subfield></datafield><datafield ind1=" " ind2=" " tag="490"><subfield code="a">Patrially Ordered Systems</subfield></datafield><datafield ind1=" " ind2=" " tag="504"><subfield code="a">Includes Index. With 256 Illustration,4 in Full Color</subfield></datafield><datafield ind1=" " ind2="4" tag="650"><subfield code="a">Condensed Matter, Particle Interactions</subfield></datafield><datafield ind1="1" ind2=" " tag="700"><subfield code="a">Lavrentovich, Oleg D</subfield></datafield><datafield ind1=" " ind2=" " tag="852"><subfield code="a">81837</subfield><subfield code="c">538.9</subfield></datafield><datafield ind1=" " ind2=" " tag="CAT"><subfield code="a">Sys</subfield><subfield code="c">20110104</subfield><subfield code="h">123256</subfield></datafield></record></collection>